https://realpython.com/python-concurrency/


@online{ppsecurity,
 author = {R.Barrus{(20, Aug,25)}},
  title = {{\textit What Is Theat Modeling.} Pivot Point Security[Online]},
  howpublished={\url{https://www.pivotpointsecurity.com/blog/what-is-threat-modeling-and-how-does-it-differ-from-risk-assessment/ }},
  note = "[Accessed: 10 febuary 2022]"
}

@online{iso31000,
  author = {ISO(2022, Feb.20)},
  title = {{\textit ISO Risk Management[online].} pivotpointsecurity.com},
  howpublished={\url{https://www.iso-3100-risk-management.html [Accessed: 10 febuary 2022]}},
  note = "[Accessed: 21 Febuary 2022]"
}

@online{iso310002018,
  author = {ISO(2022.Feb.22)},
  title = {{\textit ISO Risk Management-Guidelines[online].} pivotpointsecurity.com},
  howpublished={\url{www.iso.org/obp/ui/iso:std:iso:31000:ed-2:v1:en[Accessed: 22 Febuary 2022]}},
  note = "[Accessed: 22 Febuary 2022]"
}


@inproceedings{pfsen,
author = {Sibczynski, Pawel and Dziedzic, Andrzej and Grodzicki, Krystian and Iwanowska, Joanna and Kosiński, Tymoteusz and Matusiak, Michał and Moszynski, Marek and Swiderski, Lukasz and Syntfeld, A. and Wolski, D. and Carrel, Frédérick and Grabowski, Amelie and Hamel, Matthieu and Laine, Frederic and Sari, Adrien and Iovene, Alessandro and Tintori, Carlo},
year = {2016},
month = {11},
pages = {},
title = {Comparison of prompt and delayed photofission neutron detection techniques using different types of radiation detectors},
doi = {10.1109/NSSMIC.2016.8069697}
}

@online{cbord,
 author = {C-BORD{(2022,Feb.25)}},
  title = {{\textit Project Overview.} %www.cboard-h2020.com[Online]},
  howpublished={\url{cbord-h2020.eu/page/project-overview.php }},
  note = "[Accessed: 25 Febuary 2022]"
}

@online{growingvol,
 author = {C-BORD{(2022,Feb.25)}},
  title = {{\textit Project Overview.} %www.cboard-h2020.com[Online]},
  howpublished={\url{https://tfig.unece.org/contents/NII-technology.htm}},
  note = "[Accessed: 25 Febuary 2022]"
}

cbord-h2020.eu/page/project-overview.php


%
 

%
%

%

%
%
%
%
%
%[1] https://infosec.mozilla.org/guidelines/assessing_security_risk
%[2] https://www.iso.org/iso-31000-risk-management.html (guidance for risk management)
%[3] work training. 
%[4] https://www.exabeam.com/information-security/threat-modeling/#:~:text=There%20are%20six%20main%20methodologies,threats%20facing%20your%20IT%20assets.
%[5] https://www.cbord-h2020.eu/page/en/project-overview.php
%[6] uni reading
%[7] https://www.pivotpointsecurity.com/blog/what-is-threat-modeling-and-how-does-it-differ-from-risk-assessment/
%[8] https://www.ispartnersllc.com/blog/risk-management-risk-assessment-or-risk-analysis/#:~:text=Risk%20management%20is%20the%20macro,level%20process%20within%20risk%20management.
%[9] https://www.investopedia.com/terms/b/business-asset.asp#:~:text=A%20business%20asset%20is%20an,items%2C%20such%20as%20intellectual%20property.
%[10] https://reciprocity.com/resources/what-is-a-risk-management-plan/
%[11[ https://www.securitymadesimple.org/cybersecurity-blog/how-to-write-cybersecurity-copy-for-your-website-in-2021
%[12] https://www.tripwire.com/state-of-security/featured/legal-consequence-cyber-attack/
%[13] https://www.itgovernance.co.uk/uk-government-minimum-cyber-security-standard
%[14] https://www.gov.uk/government/publications/the-minimum-cyber-security-standard
%[15] https://www.ncsc.gov.uk/
%[16] P. Sibczynski et al., "C-BORD - an overview of efficient toolbox for high-volume freight inspection," 
%	2017 IEEE Nuclear Science Symposium and Medical Imaging Conference (NSS/MIC), 2017, pp. 1-3, doi: 10.1109/NSSMIC.2017.8532735.
%[17] https://www.gov.uk/government/publications/national-cyber-strategy-2022/national-cyber-security-strategy-2022#introduction
%[18] https://www.financierworldwide.com/cyber-security-the-dos-the-donts-and-the-legal-issues-you-need-to-understand#.YhrCaPrLe02
%[19] https://www.i-sight.com/resources/a-practical-guide-to-data-privacy-laws-by-country/
%[20] https://www.gibsondunn.com/international-cybersecurity-and-data-privacy-outlook-and-review-2022/y
%[21] https://www.itgovernanceusa.com/data-breach-notification-laws#:~:text=Notification%20shall%20be%20made%20without,provided%20to%20the%20Attorney%20General.
%[22] https://www.iso.org/obp/ui/#iso:std:iso:31000:ed-2:v1:en 
%[23] https://study.com/academy/lesson/stride-threat-model-example-overview.html#:~:text=STRIDE%
%[24] https://www.nibusinessinfo.co.uk/content/different-types-business-assets#:~:text=What%20is%20an%20asset%20in,as%20goodwill%2C%20reputation%20and%20brand.
%\end{document}
